@ARTICLE{2018PhRvL.121y1301B,
       author = {{Boyle}, Latham and {Finn}, Kieran and {Turok}, Neil},
        title = "{C P T -Symmetric Universe}",
      journal = {\prl},
     keywords = {High Energy Physics - Phenomenology, Astrophysics - Cosmology and Nongalactic Astrophysics, General Relativity and Quantum Cosmology, High Energy Physics - Theory},
         year = 2018,
        month = dec,
       volume = {121},
       number = {25},
          eid = {251301},
        pages = {251301},
          doi = {10.1103/PhysRevLett.121.251301},
archivePrefix = {arXiv},
       eprint = {1803.08928},
 primaryClass = {hep-ph},
       adsurl = {https://ui.adsabs.harvard.edu/abs/2018PhRvL.121y1301B},
      adsnote = {Provided by the SAO/NASA Astrophysics Data System}
}


@ARTICLE{2022AnPhy.43868767B,
       author = {{Boyle}, Latham and {Finn}, Kieran and {Turok}, Neil},
        title = "{The Big Bang, CPT, and neutrino dark matter}",
      journal = {Annals of Physics},
     keywords = {Dark matter, CPT Symmetry, Early Universe Cosmology, Neutrino},
         year = 2022,
        month = mar,
       volume = {438},
          eid = {168767},
        pages = {168767},
          doi = {10.1016/j.aop.2022.168767},
       adsurl = {https://ui.adsabs.harvard.edu/abs/2022AnPhy.43868767B},
      adsnote = {Provided by the SAO/NASA Astrophysics Data System}
}

@ARTICLE{2022PhRvD.105h3514L,
       author = {{Lasenby}, A.~N. and {Handley}, W.~J. and {Bartlett}, D.~J. and {Negreanu}, C.~S.},
        title = "{Perturbations and the future conformal boundary}",
      journal = {\prd},
     keywords = {General Relativity and Quantum Cosmology, Astrophysics - Cosmology and Nongalactic Astrophysics},
         year = 2022,
        month = apr,
       volume = {105},
       number = {8},
          eid = {083514},
        pages = {083514},
          doi = {10.1103/PhysRevD.105.083514},
archivePrefix = {arXiv},
       eprint = {2104.02521},
 primaryClass = {gr-qc},
       adsurl = {https://ui.adsabs.harvard.edu/abs/2022PhRvD.105h3514L},
      adsnote = {Provided by the SAO/NASA Astrophysics Data System}
}

@ARTICLE{2020A&A...641A...6P,
       author = {{Planck Collaboration}},
        title = "{Planck 2018 results. VI. Cosmological parameters}",
      journal = {\aap},
     keywords = {cosmic background radiation, cosmological parameters, Astrophysics - Cosmology and Nongalactic Astrophysics},
         year = 2020,
        month = sep,
       volume = {641},
          eid = {A6},
        pages = {A6},
          doi = {10.1051/0004-6361/201833910},
archivePrefix = {arXiv},
       eprint = {1807.06209},
 primaryClass = {astro-ph.CO},
       adsurl = {https://ui.adsabs.harvard.edu/abs/2020A&A...641A...6P},
      adsnote = {Provided by the SAO/NASA Astrophysics Data System}
}

@BOOK{1995iqft.book.....P,
       author = {{Peskin}, Michael E. and {Schroeder}, Daniel V.},
        title = "{An Introduction to Quantum Field Theory}",
         year = 1995,
       adsurl = {https://ui.adsabs.harvard.edu/abs/1995iqft.book.....P},
      adsnote = {Provided by the SAO/NASA Astrophysics Data System}
}

@BOOK{1972grun.book.....D,
       author = {{Dicke}, R.~H.},
        title = "{Gravitation and the universe.}",
         year = 1972,
       adsurl = {https://ui.adsabs.harvard.edu/abs/1972grun.book.....D},
      adsnote = {Provided by the SAO/NASA Astrophysics Data System}
}

@ARTICLE{1983Natur.305..673C,
       author = {{Carrigan}, R.~A., Jr. and {Trower}, W.~P.},
        title = "{Magnetic monopoles}",
      journal = {\nat},
     keywords = {Magnetic Monopoles, Particle Theory, Quantum Theory, Unified Field Theory, Astrophysics, Dirac Equation, Elementary Particle Interactions, Gauge Theory, Ionization Chambers, Squid (Detectors), Nuclear and High-Energy Physics},
         year = 1983,
        month = oct,
       volume = {305},
       number = {5936},
        pages = {673-678},
          doi = {10.1038/305673a0},
       adsurl = {https://ui.adsabs.harvard.edu/abs/1983Natur.305..673C},
      adsnote = {Provided by the SAO/NASA Astrophysics Data System}
}

@ARTICLE{1989RvMP...61....1W,
       author = {{Weinberg}, Steven},
        title = "{The cosmological constant problem}",
      journal = {Reviews of Modern Physics},
         year = 1989,
        month = jan,
       volume = {61},
       number = {1},
        pages = {1-23},
          doi = {10.1103/RevModPhys.61.1},
       adsurl = {https://ui.adsabs.harvard.edu/abs/1989RvMP...61....1W},
      adsnote = {Provided by the SAO/NASA Astrophysics Data System}
}

@ARTICLE{1994CQGra..11.1387D,
       author = {{Duff}, M.~J.},
        title = "{REVIEW ARTICLE: Twenty years of the Weyl anomaly}",
      journal = {Classical and Quantum Gravity},
     keywords = {General Relativity and Quantum Cosmology, High Energy Physics - Theory},
         year = 1994,
        month = jun,
       volume = {11},
       number = {6},
        pages = {1387-1403},
          doi = {10.1088/0264-9381/11/6/004},
archivePrefix = {arXiv},
       eprint = {hep-th/9308075},
 primaryClass = {gr-qc},
       adsurl = {https://ui.adsabs.harvard.edu/abs/1994CQGra..11.1387D},
      adsnote = {Provided by the SAO/NASA Astrophysics Data System}
}


@ARTICLE{1976PhRvL..37....8T,
       author = {{'t Hooft}, G.},
        title = "{Symmetry Breaking through Bell-Jackiw Anomalies}",
      journal = {\prl},
         year = 1976,
        month = jul,
       volume = {37},
       number = {1},
        pages = {8-11},
          doi = {10.1103/PhysRevLett.37.8},
       adsurl = {https://ui.adsabs.harvard.edu/abs/1976PhRvL..37....8T},
      adsnote = {Provided by the SAO/NASA Astrophysics Data System}
}

@ARTICLE{1981PhRvD..23..347G,
       author = {{Guth}, Alan H.},
        title = "{Inflationary universe: A possible solution to the horizon and flatness problems}",
      journal = {\prd},
         year = 1981,
        month = jan,
       volume = {23},
       number = {2},
        pages = {347-356},
          doi = {10.1103/PhysRevD.23.347},
       adsurl = {https://ui.adsabs.harvard.edu/abs/1981PhRvD..23..347G},
      adsnote = {Provided by the SAO/NASA Astrophysics Data System}
}

@ARTICLE{2019Univ....5..213P,
       author = {{Profumo}, Stefano and {Giani}, Leonardo and {Piattella}, Oliver F.},
        title = "{An Introduction to Particle Dark Matter}",
      journal = {Universe},
     keywords = {dark matter theory, dark matter searches, dark matter candidates, High Energy Physics - Phenomenology, Astrophysics - Astrophysics of Galaxies, High Energy Physics - Theory},
         year = 2019,
        month = oct,
       volume = {5},
       number = {10},
          eid = {213},
        pages = {213},
          doi = {10.3390/universe5100213},
archivePrefix = {arXiv},
       eprint = {1910.05610},
 primaryClass = {hep-ph},
       adsurl = {https://ui.adsabs.harvard.edu/abs/2019Univ....5..213P},
      adsnote = {Provided by the SAO/NASA Astrophysics Data System}
}
@ARTICLE{1977PhRvL..38.1440P,
       author = {{Peccei}, R.~D. and {Quinn}, Helen R.},
        title = "{CP conservation in the presence of pseudoparticles}",
      journal = {\prl},
         year = 1977,
        month = jun,
       volume = {38},
       number = {25},
        pages = {1440-1443},
          doi = {10.1103/PhysRevLett.38.1440},
       adsurl = {https://ui.adsabs.harvard.edu/abs/1977PhRvL..38.1440P},
      adsnote = {Provided by the SAO/NASA Astrophysics Data System}
}

@ARTICLE{2012PhR...513....1C,
       author = {{Clifton}, Timothy and {Ferreira}, Pedro G. and {Padilla}, Antonio and {Skordis}, Constantinos},
        title = "{Modified gravity and cosmology}",
      journal = {\physrep},
     keywords = {Astrophysics - Cosmology and Nongalactic Astrophysics, General Relativity and Quantum Cosmology, High Energy Physics - Theory},
         year = 2012,
        month = mar,
       volume = {513},
       number = {1},
        pages = {1-189},
          doi = {10.1016/j.physrep.2012.01.001},
archivePrefix = {arXiv},
       eprint = {1106.2476},
 primaryClass = {astro-ph.CO},
       adsurl = {https://ui.adsabs.harvard.edu/abs/2012PhR...513....1C},
      adsnote = {Provided by the SAO/NASA Astrophysics Data System}
}

@ARTICLE{2024ApJ...966..157F,
       author = {ACT Collaboration},
        title = "{The Atacama Cosmology Telescope: Cosmology from Cross-correlations of unWISE Galaxies and ACT DR6 CMB Lensing}",
      journal = {\apj},
     keywords = {Observational cosmology, Sigma8, Cosmological parameters from large-scale structure, Cosmic microwave background radiation, Weak gravitational lensing, Large-scale structure of the universe, Cosmology, Cosmological parameters, 1146, 1455, 340, 322, 1797, 902, 343, 339, Astrophysics - Cosmology and Nongalactic Astrophysics},
         year = 2024,
        month = may,
       volume = {966},
       number = {2},
          eid = {157},
        pages = {157},
          doi = {10.3847/1538-4357/ad31a5},
archivePrefix = {arXiv},
       eprint = {2309.05659},
 primaryClass = {astro-ph.CO},
       adsurl = {https://ui.adsabs.harvard.edu/abs/2024ApJ...966..157F},
      adsnote = {Provided by the SAO/NASA Astrophysics Data System}
}

@ARTICLE{2021arXiv211006258B,
       author = {{Boyle}, Latham and {Turok}, Neil},
        title = "{Cancelling the vacuum energy and Weyl anomaly in the standard model with dimension-zero scalar fields}",
      journal = {arXiv e-prints},
     keywords = {High Energy Physics - Theory, Astrophysics - Cosmology and Nongalactic Astrophysics, General Relativity and Quantum Cosmology, High Energy Physics - Phenomenology},
         year = 2021,
        month = oct,
          eid = {arXiv:2110.06258},
        pages = {arXiv:2110.06258},
          doi = {10.48550/arXiv.2110.06258},
archivePrefix = {arXiv},
       eprint = {2110.06258},
 primaryClass = {hep-th},
       adsurl = {https://ui.adsabs.harvard.edu/abs/2021arXiv211006258B},
      adsnote = {Provided by the SAO/NASA Astrophysics Data System}
}

@ARTICLE{2022arXiv220810396B,
       author = {{Boyle}, Latham and {Teuscher}, Martin and {Turok}, Neil},
        title = "{The Big Bang as a Mirror: a Solution of the Strong CP Problem}",
      journal = {arXiv e-prints},
     keywords = {High Energy Physics - Phenomenology, Astrophysics - Cosmology and Nongalactic Astrophysics, General Relativity and Quantum Cosmology, High Energy Physics - Theory},
         year = 2022,
        month = aug,
          eid = {arXiv:2208.10396},
        pages = {arXiv:2208.10396},
          doi = {10.48550/arXiv.2208.10396},
archivePrefix = {arXiv},
       eprint = {2208.10396},
 primaryClass = {hep-ph},
       adsurl = {https://ui.adsabs.harvard.edu/abs/2022arXiv220810396B},
      adsnote = {Provided by the SAO/NASA Astrophysics Data System}
}

@ARTICLE{2024PhLB..84938442B,
       author = {{Boyle}, Latham and {Turok}, Neil},
        title = "{Thermodynamic solution of the homogeneity, isotropy and flatness puzzles (and a clue to the cosmological constant)}",
      journal = {Physics Letters B},
     keywords = {General Relativity and Quantum Cosmology, Astrophysics - Cosmology and Nongalactic Astrophysics, High Energy Physics - Phenomenology, High Energy Physics - Theory},
         year = 2024,
        month = feb,
       volume = {849},
          eid = {138442},
        pages = {138442},
          doi = {10.1016/j.physletb.2024.138442},
archivePrefix = {arXiv},
       eprint = {2210.01142},
 primaryClass = {gr-qc},
       adsurl = {https://ui.adsabs.harvard.edu/abs/2024PhLB..84938442B},
      adsnote = {Provided by the SAO/NASA Astrophysics Data System}
}

@ARTICLE{2023arXiv230200344T,
       author = {{Turok}, Neil and {Boyle}, Latham},
        title = "{A Minimal Explanation of the Primordial Cosmological Perturbations}",
      journal = {arXiv e-prints},
     keywords = {High Energy Physics - Phenomenology, Astrophysics - Cosmology and Nongalactic Astrophysics, General Relativity and Quantum Cosmology, High Energy Physics - Theory},
         year = 2023,
        month = feb,
          eid = {arXiv:2302.00344},
        pages = {arXiv:2302.00344},
          doi = {10.48550/arXiv.2302.00344},
archivePrefix = {arXiv},
       eprint = {2302.00344},
 primaryClass = {hep-ph},
       adsurl = {https://ui.adsabs.harvard.edu/abs/2023arXiv230200344T},
      adsnote = {Provided by the SAO/NASA Astrophysics Data System}
}

@ARTICLE{1977PhRvD..15.2752G,
       author = {{Gibbons}, G.~W. and {Hawking}, S.~W.},
        title = "{Action integrals and partition functions in quantum gravity}",
      journal = {\prd},
         year = 1977,
        month = may,
       volume = {15},
       number = {10},
        pages = {2752-2756},
          doi = {10.1103/PhysRevD.15.2752},
       adsurl = {https://ui.adsabs.harvard.edu/abs/1977PhRvD..15.2752G},
      adsnote = {Provided by the SAO/NASA Astrophysics Data System}
}

@ARTICLE{2024PhLB..84938443T,
       author = {{Turok}, Neil and {Boyle}, Latham},
        title = "{Gravitational entropy and the flatness, homogeneity and isotropy puzzles}",
      journal = {Physics Letters B},
     keywords = {High Energy Physics - Theory, Astrophysics - Cosmology and Nongalactic Astrophysics, General Relativity and Quantum Cosmology, High Energy Physics - Phenomenology},
         year = 2024,
        month = feb,
       volume = {849},
          eid = {138443},
        pages = {138443},
          doi = {10.1016/j.physletb.2024.138443},
archivePrefix = {arXiv},
       eprint = {2201.07279},
 primaryClass = {hep-th},
       adsurl = {https://ui.adsabs.harvard.edu/abs/2024PhLB..84938443T},
      adsnote = {Provided by the SAO/NASA Astrophysics Data System}
}

@ARTICLE{2022PhRvD.105h3515B,
       author = {{Bartlett}, D.~J. and {Handley}, W.~J. and {Lasenby}, A.~N.},
        title = "{Improved cosmological fits with quantized primordial power spectra}",
      journal = {\prd},
     keywords = {Astrophysics - Cosmology and Nongalactic Astrophysics, General Relativity and Quantum Cosmology},
         year = 2022,
        month = apr,
       volume = {105},
       number = {8},
          eid = {083515},
        pages = {083515},
          doi = {10.1103/PhysRevD.105.083515},
archivePrefix = {arXiv},
       eprint = {2104.01938},
 primaryClass = {astro-ph.CO},
       adsurl = {https://ui.adsabs.harvard.edu/abs/2022PhRvD.105h3515B},
      adsnote = {Provided by the SAO/NASA Astrophysics Data System}
}

@ARTICLE{2022PhRvD.105l3508P,
       author = {{Prathaban}, Metha and {Handley}, Will},
        title = "{Rescuing palindromic universes with improved recombination modeling}",
      journal = {\prd},
     keywords = {Astrophysics - Cosmology and Nongalactic Astrophysics, General Relativity and Quantum Cosmology},
         year = 2022,
        month = jun,
       volume = {105},
       number = {12},
          eid = {123508},
        pages = {123508},
          doi = {10.1103/PhysRevD.105.123508},
archivePrefix = {arXiv},
       eprint = {2111.14588},
 primaryClass = {astro-ph.CO},
       adsurl = {https://ui.adsabs.harvard.edu/abs/2022PhRvD.105l3508P},
      adsnote = {Provided by the SAO/NASA Astrophysics Data System}
}

@ARTICLE{2020NatAs...4..196D,
       author = {{Di Valentino}, Eleonora and {Melchiorri}, Alessandro and {Silk}, Joseph},
        title = "{Planck evidence for a closed Universe and a possible crisis for cosmology}",
      journal = {Nature Astronomy},
     keywords = {Astrophysics - Cosmology and Nongalactic Astrophysics, General Relativity and Quantum Cosmology, High Energy Physics - Phenomenology, High Energy Physics - Theory},
         year = 2020,
        month = feb,
       volume = {4},
        pages = {196-203},
          doi = {10.1038/s41550-019-0906-9},
archivePrefix = {arXiv},
       eprint = {1911.02087},
 primaryClass = {astro-ph.CO},
       adsurl = {https://ui.adsabs.harvard.edu/abs/2020NatAs...4..196D},
      adsnote = {Provided by the SAO/NASA Astrophysics Data System}
}

@ARTICLE{2021PhRvD.103d1301H,
       author = {{Handley}, Will},
        title = "{Curvature tension: Evidence for a closed universe}",
      journal = {\prd},
     keywords = {Astrophysics - Cosmology and Nongalactic Astrophysics, General Relativity and Quantum Cosmology},
         year = 2021,
        month = feb,
       volume = {103},
       number = {4},
          eid = {L041301},
        pages = {L041301},
          doi = {10.1103/PhysRevD.103.L041301},
archivePrefix = {arXiv},
       eprint = {1908.09139},
 primaryClass = {astro-ph.CO},
       adsurl = {https://ui.adsabs.harvard.edu/abs/2021PhRvD.103d1301H},
      adsnote = {Provided by the SAO/NASA Astrophysics Data System}
}

@ARTICLE{2022MNRAS.517.3087G,
       author = {{Glanville}, Aaron and {Howlett}, Cullan and {Davis}, Tamara},
        title = "{Full-shape galaxy power spectra and the curvature tension}",
      journal = {\mnras},
     keywords = {cosmological parameters, early Universe, large-scale structure of Universe, Astrophysics - Cosmology and Nongalactic Astrophysics},
         year = 2022,
        month = dec,
       volume = {517},
       number = {2},
        pages = {3087-3100},
          doi = {10.1093/mnras/stac2891},
archivePrefix = {arXiv},
       eprint = {2205.05892},
 primaryClass = {astro-ph.CO},
       adsurl = {https://ui.adsabs.harvard.edu/abs/2022MNRAS.517.3087G},
      adsnote = {Provided by the SAO/NASA Astrophysics Data System}
}

@ARTICLE{2020MNRAS.496L..91E,
       author = {{Efstathiou}, George and {Gratton}, Steven},
        title = "{The evidence for a spatially flat Universe}",
      journal = {\mnras},
     keywords = {cosmic background radiation, cosmological parameters, inflation, Astrophysics - Cosmology and Nongalactic Astrophysics, High Energy Physics - Theory},
         year = 2020,
        month = jul,
       volume = {496},
       number = {1},
        pages = {L91-L95},
          doi = {10.1093/mnrasl/slaa093},
archivePrefix = {arXiv},
       eprint = {2002.06892},
 primaryClass = {astro-ph.CO},
       adsurl = {https://ui.adsabs.harvard.edu/abs/2020MNRAS.496L..91E},
      adsnote = {Provided by the SAO/NASA Astrophysics Data System}
}

@ARTICLE{2021arXiv210906204B,
       author = {{Boyle}, Latham and {Turok}, Neil},
        title = "{Two-Sheeted Universe, Analyticity and the Arrow of Time}",
      journal = {arXiv e-prints},
     keywords = {High Energy Physics - Theory, Astrophysics - Cosmology and Nongalactic Astrophysics, General Relativity and Quantum Cosmology, High Energy Physics - Phenomenology},
         year = 2021,
        month = sep,
          eid = {arXiv:2109.06204},
        pages = {arXiv:2109.06204},
          doi = {10.48550/arXiv.2109.06204},
archivePrefix = {arXiv},
       eprint = {2109.06204},
 primaryClass = {hep-th},
       adsurl = {https://ui.adsabs.harvard.edu/abs/2021arXiv210906204B},
      adsnote = {Provided by the SAO/NASA Astrophysics Data System}
}

@ARTICLE{2017CCoPh..22..852T,
       author = {{Tram}, Thomas},
        title = "{Computation of Hyperspherical Bessel Functions}",
      journal = {Communications in Computational Physics},
         year = 2017,
        month = sep,
       volume = {22},
       number = {3},
        pages = {852-862},
          doi = {10.4208/cicp.OA-2016-0071},
       adsurl = {https://ui.adsabs.harvard.edu/abs/2017CCoPh..22..852T},
      adsnote = {Provided by the SAO/NASA Astrophysics Data System}
}
